@article{astrakahn,
  author    = {Alex Shafarenko},
  title     = {AstraKahn: A Coordination Language for Streaming Networks},
  journal   = {CoRR},
  volume    = {abs/1306.6029},
  year      = {2013},
  ee        = {http://arxiv.org/abs/1306.6029},
  bibsource = {DBLP, http://dblp.uni-trier.de}
}
