@article{astrakahn,
  author    = {Alex Shafarenko},
  title     = {AstraKahn: A Coordination Language for Streaming Networks},
  journal   = {CoRR},
  volume    = {abs/1306.6029},
  year      = {2013},
  ee        = {http://arxiv.org/abs/1306.6029},
  bibsource = {DBLP, http://dblp.uni-trier.de}
}

@inproceedings{kahn74,
  author    = {Gilles Kahn},
  title     = {The Semantics of Simple Language for Parallel Programming},
  booktitle = {IFIP Congress},
  year      = {1974},
  pages     = {471-475},
  bibsource = {DBLP, http://dblp.uni-trier.de}
}

@article{stephens97,
  author    = {Robert Stephens},
  title     = {A Survey of Stream Processing},
  journal   = {Acta Inf.},
  volume    = {34},
  number    = {7},
  year      = {1997},
  pages     = {491-541},
  ee        = {http://dx.doi.org/10.1007/s002360050095},
  bibsource = {DBLP, http://dblp.uni-trier.de}
}

@article{amini,
  Address = {Los Alamitos, CA, USA},
  Author = {Lisa Amini and Navendu Jain and Anshul Sehgal and Jeremy Silber and Olivier Verscheure},
  Doi = {http://doi.ieeecomputersociety.org/10.1109/ICDCS.2006.13},
  Issn = {1063-6927},
  Journal = {2013 IEEE 33rd International Conference on Distributed Computing Systems},
  Pages = {71},
  Publisher = {IEEE Computer Society},
  Title = {Adaptive Control of Extreme-scale Stream Processing Systems},
  Volume = {0},
  Year = {2006},
  Bdsk-Url-1 = {http://doi.ieeecomputersociety.org/10.1109/ICDCS.2006.13}
}

@article{lucid,
  author    = {Edward A. Ashcroft and William W. Wadge},
  title     = {Lucid, a Nonprocedural Language with Iteration},
  journal   = {Commun. ACM},
  volume    = {20},
  number    = {7},
  year      = {1977},
  pages     = {519-526},
  ee        = {http://doi.acm.org/10.1145/359636.359715},
  bibsource = {DBLP, http://dblp.uni-trier.de}
}

@article{snet_intro,
  author    = {Clemens Grelck and Sven-Bodo Scholz and Alexander V. Shafarenko},
  title     = {{A Gentle Introduction to S-Net: Typed Stream Processing and Declarative Coordination of Asynchronous Components}},
  journal   = {Parallel Processing Letters},
  volume    = {18},
  number    = {2},
  year      = {2008},
  pages     = {221-237},
  ee        = {http://dx.doi.org/10.1142/S0129626408003351},
  bibsource = {DBLP, http://dblp.uni-trier.de}
}

@INPROCEEDINGS{papadopoulos,
  author = {George A. Papadopoulos and Farhad Arbab},
  title = {Coordination Models and Languages},
  booktitle = {ADVANCES IN COMPUTERS},
  year = {1998},
  pages = {329--400},
  publisher = {Academic Press}
}

@article{Reo_Arbab04,
  author    = {Farhad Arbab},
  title     = {Reo: a channel-based coordination model for component composition},
  journal   = {Mathematical Structures in Computer Science},
  volume    = {14},
  number    = {3},
  year      = {2004},
  pages     = {329-366},
  ee        = {http://dx.doi.org/10.1017/S0960129504004153},
  bibsource = {DBLP, http://dblp.uni-trier.de}
}

@article{baier_ca,
  author = {Baier, Christel and Sirjani, Marjan and Arbab, Farhad and Rutten, Jan},
  title = {Modeling Component Connectors in Reo by Constraint Automata},
  journal = {Sci. Comput. Program.},
  issue_date = {July 2006},
  volume = {61},
  number = {2},
  month = jul,
  year = {2006},
  issn = {0167-6423},
  pages = {75-113},
  numpages = {39},
  url = {http://dx.doi.org/10.1016/j.scico.2005.10.008},
  doi = {10.1016/j.scico.2005.10.008},
  acmid = {1149396},
  publisher = {Elsevier North-Holland, Inc.},
  address = {Amsterdam, The Netherlands, The Netherlands},
  keywords = {Reo, bisimulation, components, composition, constraint automata, coordination, simulation, timed data streams, verification},
}

@article{Pourvatan,
  author = {Pourvatan, Bahman and Sirjani, Marjan and Hojjat, Hossein and Arbab, Farhad},
  title = {Symbolic Execution of Reo Circuits Using Constraint Automata},
  journal = {Sci. Comput. Program.},
  issue_date = {July, 2012},
  volume = {77},
  number = {7-8},
  month = jul,
  year = {2012},
  issn = {0167-6423},
  pages = {848-869},
  numpages = {22},
  url = {http://dx.doi.org/10.1016/j.scico.2011.04.001},
  doi = {10.1016/j.scico.2011.04.001},
  acmid = {2189610},
  publisher = {Elsevier North-Holland, Inc.},
  address = {Amsterdam, The Netherlands, The Netherlands},
  keywords = {Constraint automata, Coordination languages, Program validation, Program verification, Reo, Symbolic execution},
}

@inproceedings{streamit,
  author    = {Michael I. Gordon and
    William Thies and
      Michal Karczmarek and
      Jasper Lin and
      Ali S. Meli and
      Andrew A. Lamb and
      Chris Leger and
      Jeremy Wong and
      Henry Hoffmann and
      David Maze and
      Saman P. Amarasinghe},
  title     = {A stream compiler for communication-exposed architectures},
  booktitle = {ASPLOS},
  year      = {2002},
  pages     = {291-303},
  ee        = {http://doi.acm.org/10.1145/605397.605428},
  bibsource = {DBLP, http://dblp.uni-trier.de}
}

@article{kudlur,
  author = {Kudlur, Manjunath and Mahlke, Scott},
  title = {Orchestrating the Execution of Stream Programs on Multicore Platforms},
  journal = {SIGPLAN Not.},
  issue_date = {June 2008},
  volume = {43},
  number = {6},
  month = jun,
  year = {2008},
  issn = {0362-1340},
  pages = {114-124},
  numpages = {11},
  url = {http://doi.acm.org/10.1145/1379022.1375596},
  doi = {10.1145/1379022.1375596},
  acmid = {1375596},
  publisher = {ACM},
  address = {New York, NY, USA},
  keywords = {cell processor, multicore, software pipelining, stream programming, streamit},
}

@inproceedings{farhad,
  author = {Farhad, Sardar M. and Ko, Yousun and Burgstaller, Bernd and Scholz, Bernhard},
  title = {Orchestration by Approximation: Mapping Stream Programs Onto Multicore Architectures},
  booktitle = {Proceedings of the Sixteenth International Conference on Architectural Support for Programming Languages and Operating Systems},
  series = {ASPLOS XVI},
  year = {2011},
  isbn = {978-1-4503-0266-1},
  location = {Newport Beach, California, USA},
  pages = {357-368},
  numpages = {12},
  url = {http://doi.acm.org/10.1145/1950365.1950406},
  doi = {10.1145/1950365.1950406},
  acmid = {1950406},
  publisher = {ACM},
  address = {New York, NY, USA},
  keywords = {multicore, stream programming, streamit},
}

@inproceedings{wang,
  author = {Wang, Zheng and O'Boyle, Michael F.P.},
  title = {Partitioning Streaming Parallelism for Multi-cores: A Machine Learning Based Approach},
  booktitle = {Proceedings of the 19th International Conference on Parallel Architectures and Compilation Techniques},
  series = {PACT '10},
  year = {2010},
  isbn = {978-1-4503-0178-7},
  location = {Vienna, Austria},
  pages = {307-318},
  numpages = {12},
  url = {http://doi.acm.org/10.1145/1854273.1854313},
  doi = {10.1145/1854273.1854313},
  acmid = {1854313},
  publisher = {ACM},
  address = {New York, NY, USA},
  keywords = {compiler optimization, machine learning, partitioning streaming parallelism},
}

@inproceedings{collins,
  author = {Collins, Rebecca L. and Carloni, Luca P.},
  title = {Flexible Filters: Load Balancing Through Backpressure for Stream Programs},
  booktitle = {Proceedings of the Seventh ACM International Conference on Embedded Software},
  series = {EMSOFT '09},
  year = {2009},
  isbn = {978-1-60558-627-4},
  location = {Grenoble, France},
  pages = {205-214},
  numpages = {10},
  url = {http://doi.acm.org/10.1145/1629335.1629363},
  doi = {10.1145/1629335.1629363},
  acmid = {1629363},
  publisher = {ACM},
  address = {New York, NY, USA},
  keywords = {dynamic load balancing, stream programming},
}

@article{sutter,
  author    = {Herb Sutter},
  title     = {The free lunch is over: A fundamental turn toward concurrency in software},
  journal   = {Dr. Dobb’s Journal},
  volume    = {30},
  number    = {3},
  year      = {2005}
}

@misc{openmp,
  author    = {{OpenMP Architecture Review Board}},
  title     = {{OpenMP} Application Program Interface Version 4.0},
  year      = {2013},
  url       = {http://www.openmp.org/mp-documents/OpenMP4.0.0.pdf}
}

@misc{mpi,
  author    = {Message Passing Interface Forum},
  title     = {{MPI: A Message-Passing Interface Standard Version 3.0}},
  year      = {2012},
  note      = {Chapter author for Collective Communication, Process Topologies, and One Sided Communications},
}

@misc{cilk,
  author    = {Intel Corporation},
  title     = {Intel Cilk Plus Language Extension Specification Version 1.2},
  year      = {2013}
}
